<?xml version='1.0' encoding='utf-8'?>
<Document xmlns="urn:iso:std:iso:20022:tech:xsd:pain.001.001.03">
  <CstmrCdtTrfInitn>
    <GrpHdr>
      <MsgId>E0195A3F4CEA4153A732EC46A644F6EF</MsgId>
      <CreDtTm>2023-09-20T04:25:16Z</CreDtTm>
      <NbOfTxs>1</NbOfTxs>
      <CtrlSum>10.00</CtrlSum>
      <InitgPty>
        <Nm>Max Mustermann</Nm>
      </InitgPty>
    </GrpHdr>
    <PmtInf>
      <PmtInfId>701590B36BAB5BDD91A17A2550721027</PmtInfId>
      <PmtMtd>TRF</PmtMtd>
      <BtchBookg>true</BtchBookg>
      <NbOfTxs>1</NbOfTxs>
      <CtrlSum>10.00</CtrlSum>
      <PmtTpInf>
        <InstrPrty>NORM</InstrPrty>
        <SvcLvl>
          <Cd>SEPA</Cd>
        </SvcLvl>
      </PmtTpInf>
      <ReqdExctnDt>2023-09-20</ReqdExctnDt>
      <Dbtr>
        <Nm>Max Mustermann</Nm>
      </Dbtr>
      <DbtrAcct>
        <Id>
          <IBAN>DE89370400440532013000</IBAN>
        </Id>
        <Ccy>EUR</Ccy>
      </DbtrAcct>
      <DbtrAgt>
        <FinInstnId>
          <Othr>
            <Id>NOTPROVIDED</Id>
          </Othr>
        </FinInstnId>
      </DbtrAgt>
      <ChrgBr>SLEV</ChrgBr>
      <CdtTrfTxInf>
        <PmtId>
          <InstrId>EE72D43210E35DC9B0DC1C0E57E0A60F</InstrId>
          <EndToEndId>NOTPROVIDED</EndToEndId>
        </PmtId>
        <Amt>
          <InstdAmt Ccy="EUR">10.00</InstdAmt>
        </Amt>
        <CdtrAgt>
          <FinInstnId>
            <BIC>BKAUATWW</BIC>
          </FinInstnId>
        </CdtrAgt>
        <Cdtr>
          <Nm>Maria Musterfrau</Nm>
        </Cdtr>
        <CdtrAcct>
          <Id>
            <IBAN>AT611904300234573201</IBAN>
          </Id>
        </CdtrAcct>
        <RmtInf>
          <Ustrd>Purpose</Ustrd>
        </RmtInf>
      </CdtTrfTxInf>
    </PmtInf>
  </CstmrCdtTrfInitn>
</Document>
