<?xml version="1.0" encoding="UTF-8"?>
<Document xmlns:xsi="http://www.w3.org/2001/XMLSchema-instance" xmlns="http://www.six-interbank-clearing.com/de/pain.001.001.03.ch.02.xsd" xsi:schemaLocation="http://www.six-interbank-clearing.com/de/pain.001.001.03.ch.02.xsd pain.001.001.03.ch.02.xsd">
	<CstmrCdtTrfInitn>
		<GrpHdr>
			<MsgId>MsgId-C001</MsgId>
			<CreDtTm>2023-10-05T00:00:00</CreDtTm>
			<NbOfTxs>5</NbOfTxs>
			<CtrlSum>15000.00</CtrlSum>
			<InitgPty>
				<Nm>Max Muster</Nm>
				<CtctDtls>
					<Nm>Softwarename/Softwarefirma</Nm>
					<Othr>5.10.0</Othr>
				</CtctDtls>
			</InitgPty>
		</GrpHdr>
		<PmtInf>
			<PmtInfId>PmtInfId-C001-01</PmtInfId>
			<PmtMtd>TRF</PmtMtd>
			<BtchBookg>false</BtchBookg>
			<ReqdExctnDt>2023-10-25</ReqdExctnDt>
			<Dbtr>
				<Nm>Max Muster</Nm>
			</Dbtr>
			<DbtrAcct>
				<Id>
					<IBAN>CH6309000000250097798</IBAN>
				</Id>
				<Tp>
					<Prtry>NOA</Prtry>
				</Tp>
			</DbtrAcct>
			<DbtrAgt>
				<FinInstnId>
					<BIC>POFICHBEXXX</BIC>
				</FinInstnId>
			</DbtrAgt>
			<ChrgBr>CRED</ChrgBr>
			<CdtTrfTxInf>
				<PmtId>
					<InstrId>InstrId-C001-01-01</InstrId>
					<EndToEndId>EndToEndId-C001-01-01</EndToEndId>
				</PmtId>
				<Amt>
					<InstdAmt Ccy="EUR">1000.00</InstdAmt>
				</Amt>
				<Cdtr>
					<Nm>C001</Nm>
					<PstlAdr>
						<AdrLine>Musterstrasse 1</AdrLine>
						<AdrLine>8002 Zuerich</AdrLine>
					</PstlAdr>
				</Cdtr>
				<CdtrAcct>
					<Id>
						<IBAN>CH1430000001250097798</IBAN>
					</Id>
				</CdtrAcct>
				<RmtInf>
					<Strd>
						<CdtrRefInf>
							<Tp>
								<CdOrPrtry>
									<Prtry>QRR</Prtry>
								</CdOrPrtry>
							</Tp>
							<Ref>111111111111111111111111110</Ref>
						</CdtrRefInf>
					</Strd>
				</RmtInf>
			</CdtTrfTxInf>
			<CdtTrfTxInf>
				<PmtId>
					<InstrId>InstrId-C001-01-02</InstrId>
					<EndToEndId>EndToEndId-C001-01-02</EndToEndId>
				</PmtId>
				<Amt>
					<InstdAmt Ccy="EUR">2000.00</InstdAmt>
				</Amt>
				<Cdtr>
					<Nm>C001</Nm>
					<PstlAdr>
						<AdrLine>Musterstrasse 1</AdrLine>
						<AdrLine>8002 Zuerich</AdrLine>
					</PstlAdr>
				</Cdtr>
				<CdtrAcct>
					<Id>
						<IBAN>CH6630000002250097798</IBAN>
					</Id>
				</CdtrAcct>
				<RmtInf>
					<Strd>
						<CdtrRefInf>
							<Tp>
								<CdOrPrtry>
									<Prtry>QRR</Prtry>
								</CdOrPrtry>
							</Tp>
							<Ref>222222222222222222222222222</Ref>
						</CdtrRefInf>
					</Strd>
				</RmtInf>
			</CdtTrfTxInf>
		</PmtInf>
		<PmtInf>
			<PmtInfId>PmtInfId-C001-02</PmtInfId>
			<PmtMtd>TRF</PmtMtd>
			<BtchBookg>false</BtchBookg>
			<ReqdExctnDt>2023-10-25</ReqdExctnDt>
			<Dbtr>
				<Nm>Max Muster</Nm>
			</Dbtr>
			<DbtrAcct>
				<Id>
					<IBAN>CH3709000000250094580</IBAN>
				</Id>
				<Tp>
					<Prtry>NOA</Prtry>
				</Tp>
			</DbtrAcct>
			<DbtrAgt>
				<FinInstnId>
					<BIC>POFICHBEXXX</BIC>
				</FinInstnId>
			</DbtrAgt>
			<ChrgBr>CRED</ChrgBr>
			<CdtTrfTxInf>
				<PmtId>
					<InstrId>InstrId-C001-02-01</InstrId>
					<EndToEndId>EndToEndId-C001-02-01</EndToEndId>
				</PmtId>
				<Amt>
					<InstdAmt Ccy="CHF">3000.00</InstdAmt>
				</Amt>
				<Cdtr>
					<Nm>C001</Nm>
					<PstlAdr>
						<AdrLine>Musterstrasse 1</AdrLine>
						<AdrLine>8002 Zuerich</AdrLine>
					</PstlAdr>
				</Cdtr>
				<CdtrAcct>
					<Id>
						<IBAN>CH8530000001250094580</IBAN>
					</Id>
				</CdtrAcct>
				<RmtInf>
					<Strd>
						<CdtrRefInf>
							<Tp>
								<CdOrPrtry>
									<Prtry>QRR</Prtry>
								</CdOrPrtry>
							</Tp>
							<Ref>333333333333333333333333334</Ref>
						</CdtrRefInf>
					</Strd>
				</RmtInf>
			</CdtTrfTxInf>
			<CdtTrfTxInf>
				<PmtId>
					<InstrId>InstrId-C001-02-02</InstrId>
					<EndToEndId>EndToEndId-C001-02-02</EndToEndId>
				</PmtId>
				<Amt>
					<InstdAmt Ccy="CHF">4000.00</InstdAmt>
				</Amt>
				<CdtrAgt>
					<FinInstnId>
						<ClrSysMmbId>
							<ClrSysId>
								<Cd>CHBCC</Cd>
							</ClrSysId>
							<MmbId>77814</MmbId>
						</ClrSysMmbId>
					</FinInstnId>
				</CdtrAgt>
				<Cdtr>
					<Nm>C001</Nm>
					<PstlAdr>
						<AdrLine>Musterstrasse 1</AdrLine>
						<AdrLine>8002 Zuerich</AdrLine>
					</PstlAdr>
				</Cdtr>
				<CdtrAcct>
					<Id>
						<IBAN>CH4030000002250094580</IBAN>
					</Id>
				</CdtrAcct>
				<RmtInf>
					<Strd>
						<CdtrRefInf>
							<Tp>
								<CdOrPrtry>
									<Prtry>QRR</Prtry>
								</CdOrPrtry>
							</Tp>
							<Ref>444444444444444444444444444</Ref>
						</CdtrRefInf>
					</Strd>
				</RmtInf>
			</CdtTrfTxInf>
			<CdtTrfTxInf>
				<PmtId>
					<InstrId>InstrId-C001-02-03</InstrId>
					<EndToEndId>EndToEndId-C001-02-03</EndToEndId>
				</PmtId>
				<Amt>
					<InstdAmt Ccy="CHF">5000.00</InstdAmt>
				</Amt>
				<Cdtr>
					<Nm>C001</Nm>
					<PstlAdr>
						<AdrLine>Musterstrasse 1</AdrLine>
						<AdrLine>8002 Zuerich</AdrLine>
					</PstlAdr>
				</Cdtr>
				<CdtrAcct>
					<Id>
						<IBAN>CH9230000003250094580</IBAN>
					</Id>
				</CdtrAcct>
				<RmtInf>
					<Strd>
						<CdtrRefInf>
							<Tp>
								<CdOrPrtry>
									<Prtry>QRR</Prtry>
								</CdOrPrtry>
							</Tp>
							<Ref>555555555555555555555555559</Ref>
						</CdtrRefInf>
					</Strd>
				</RmtInf>
			</CdtTrfTxInf>
		</PmtInf>
	</CstmrCdtTrfInitn>
</Document>
