<?xml version='1.0' encoding='utf-8'?>
<ns0:Document xmlns:ns0="urn:iso:std:iso:20022:tech:xsd:pain.008.001.02">
  <ns0:CstmrDrctDbtInitn>
    <ns0:GrpHdr>
      <ns0:MsgId>D312BFA4277D41A291F556E21F601685</ns0:MsgId>
      <ns0:CreDtTm>2023-10-04T09:02:48Z</ns0:CreDtTm>
      <ns0:NbOfTxs>1</ns0:NbOfTxs>
      <ns0:CtrlSum>10.00</ns0:CtrlSum>
      <ns0:InitgPty>
        <ns0:Nm>Max Mustermann</ns0:Nm>
      </ns0:InitgPty>
    </ns0:GrpHdr>
    <ns0:PmtInf>
      <ns0:PmtInfId>2B2E415A0E5C5BB19AF454DD2FA38B07</ns0:PmtInfId>
      <ns0:PmtMtd>DD</ns0:PmtMtd>
      <ns0:BtchBookg>true</ns0:BtchBookg>
      <ns0:NbOfTxs>1</ns0:NbOfTxs>
      <ns0:CtrlSum>10.00</ns0:CtrlSum>
      <ns0:PmtTpInf>
        <ns0:SvcLvl>
          <ns0:Cd>SEPA</ns0:Cd>
        </ns0:SvcLvl>
        <ns0:LclInstrm>
          <ns0:Cd>CORE</ns0:Cd>
        </ns0:LclInstrm>
        <ns0:SeqTp>RCUR</ns0:SeqTp>
      </ns0:PmtTpInf>
      <ns0:ReqdColltnDt>2023-10-09</ns0:ReqdColltnDt>
      <ns0:Cdtr>
        <ns0:Nm>Max Mustermann</ns0:Nm>
      </ns0:Cdtr>
      <ns0:CdtrAcct>
        <ns0:Id>
          <ns0:IBAN>DE89370400440532013000</ns0:IBAN>
        </ns0:Id>
        <ns0:Ccy>EUR</ns0:Ccy>
      </ns0:CdtrAcct>
      <ns0:CdtrAgt>
        <ns0:FinInstnId>
          <ns0:BIC>COBADEFFXXX</ns0:BIC>
        </ns0:FinInstnId>
      </ns0:CdtrAgt>
      <ns0:ChrgBr>SLEV</ns0:ChrgBr>
      <ns0:CdtrSchmeId>
        <ns0:Id>
          <ns0:PrvtId>
            <ns0:Othr>
              <ns0:Id>DE98ZZZ09999999999</ns0:Id>
              <ns0:SchmeNm>
                <ns0:Prtry>SEPA</ns0:Prtry>
              </ns0:SchmeNm>
            </ns0:Othr>
          </ns0:PrvtId>
        </ns0:Id>
      </ns0:CdtrSchmeId>
      <ns0:DrctDbtTxInf>
        <ns0:PmtId>
          <ns0:InstrId>69CBFD48341E5ED7B0F78337297BDF93</ns0:InstrId>
          <ns0:EndToEndId>NOTPROVIDED</ns0:EndToEndId>
        </ns0:PmtId>
        <ns0:InstdAmt Ccy="EUR">10.00</ns0:InstdAmt>
        <ns0:DrctDbtTx>
          <ns0:MndtRltdInf>
            <ns0:MndtId>M00123456</ns0:MndtId>
            <ns0:DtOfSgntr>2014-02-01</ns0:DtOfSgntr>
            <ns0:AmdmntInd>false</ns0:AmdmntInd>
          </ns0:MndtRltdInf>
        </ns0:DrctDbtTx>
        <ns0:DbtrAgt>
          <ns0:FinInstnId>
            <ns0:BIC>BKAUATWW</ns0:BIC>
          </ns0:FinInstnId>
        </ns0:DbtrAgt>
        <ns0:Dbtr>
          <ns0:Nm>Maria Musterfrau</ns0:Nm>
        </ns0:Dbtr>
        <ns0:DbtrAcct>
          <ns0:Id>
            <ns0:IBAN>AT611904300234573201</ns0:IBAN>
          </ns0:Id>
        </ns0:DbtrAcct>
        <ns0:RmtInf>
          <ns0:Ustrd>Purpose</ns0:Ustrd>
        </ns0:RmtInf>
      </ns0:DrctDbtTxInf>
    </ns0:PmtInf>
  </ns0:CstmrDrctDbtInitn>
</ns0:Document>