<?xml version='1.0' encoding='utf-8'?>
<ns0:Document xmlns:ns0="urn:iso:std:iso:20022:tech:xsd:pain.001.001.03">
  <ns0:CstmrCdtTrfInitn>
    <ns0:GrpHdr>
      <ns0:MsgId>6D09E8D6B811440395A6399439869174</ns0:MsgId>
      <ns0:CreDtTm>2023-10-11T08:02:31Z</ns0:CreDtTm>
      <ns0:NbOfTxs>2</ns0:NbOfTxs>
      <ns0:CtrlSum>20.00</ns0:CtrlSum>
      <ns0:InitgPty>
        <ns0:Nm>HAOAO</ns0:Nm>
      </ns0:InitgPty>
    </ns0:GrpHdr>
    <ns0:PmtInf>
      <ns0:PmtInfId>53E030CB01C0583294EA1BF189E01CC0</ns0:PmtInfId>
      <ns0:PmtMtd>TRF</ns0:PmtMtd>
      <ns0:BtchBookg>true</ns0:BtchBookg>
      <ns0:NbOfTxs>2</ns0:NbOfTxs>
      <ns0:CtrlSum>20.00</ns0:CtrlSum>
      <ns0:PmtTpInf>
        <ns0:InstrPrty>NORM</ns0:InstrPrty>
        <ns0:SvcLvl>
          <ns0:Cd>SEPA</ns0:Cd>
        </ns0:SvcLvl>
      </ns0:PmtTpInf>
      <ns0:ReqdExctnDt>2023-10-15</ns0:ReqdExctnDt>
      <ns0:Dbtr>
        <ns0:Nm>HAOAO</ns0:Nm>
      </ns0:Dbtr>
      <ns0:DbtrAcct>
        <ns0:Id>
          <ns0:IBAN>FR7600002000105555555555521</ns0:IBAN>
        </ns0:Id>
        <ns0:Ccy>EUR</ns0:Ccy>
      </ns0:DbtrAcct>
      <ns0:DbtrAgt>
        <ns0:FinInstnId>
          <ns0:BIC>BNPAFRPPXXX</ns0:BIC>
        </ns0:FinInstnId>
      </ns0:DbtrAgt>
      <ns0:ChrgBr>SLEV</ns0:ChrgBr>
      <ns0:CdtTrfTxInf>
        <ns0:PmtId>
          <ns0:InstrId>513903AB4C3D54CBBBEC4FA1F3B8959F</ns0:InstrId>
          <ns0:EndToEndId>FR99</ns0:EndToEndId>
        </ns0:PmtId>
        <ns0:Amt>
          <ns0:InstdAmt Ccy="EUR">10.00</ns0:InstdAmt>
        </ns0:Amt>
        <ns0:Cdtr>
          <ns0:Nm>Long</ns0:Nm>
        </ns0:Cdtr>
        <ns0:CdtrAcct>
          <ns0:Id>
            <ns0:IBAN>FR7600002000106666666666652</ns0:IBAN>
          </ns0:Id>
        </ns0:CdtrAcct>
        <ns0:RmtInf>
          <ns0:Ustrd>tien dien</ns0:Ustrd>
        </ns0:RmtInf>
      </ns0:CdtTrfTxInf>
      <ns0:CdtTrfTxInf>
        <ns0:PmtId>
          <ns0:InstrId>3001A0A390415A68854FB668B2E0FA88</ns0:InstrId>
          <ns0:EndToEndId>NOTPROVIDED</ns0:EndToEndId>
        </ns0:PmtId>
        <ns0:Amt>
          <ns0:InstdAmt Ccy="EUR">10.00</ns0:InstdAmt>
        </ns0:Amt>
        <ns0:Cdtr>
          <ns0:Nm>Hung</ns0:Nm>
        </ns0:Cdtr>
        <ns0:CdtrAcct>
          <ns0:Id>
            <ns0:IBAN>FR7617515900000497026130714</ns0:IBAN>
          </ns0:Id>
        </ns0:CdtrAcct>
        <ns0:RmtInf>
          <ns0:Ustrd>tien nha</ns0:Ustrd>
        </ns0:RmtInf>
      </ns0:CdtTrfTxInf>
    </ns0:PmtInf>
  </ns0:CstmrCdtTrfInitn>
</ns0:Document>