<?xml version='1.0' encoding='utf-8'?>
<Document xmlns:ns0="urn:iso:std:iso:20022:tech:xsd:pain.001.001.03">
  <CstmrCdtTrfInitn>
    <GrpHdr>
      <MsgId>F18D1F10E7DD4D1B98C3B8DFBD9CC9CE</MsgId>
      <CreDtTm>2023-10-24T07:21:18Z</CreDtTm>
      <NbOfTxs>1</NbOfTxs>
      <CtrlSum>10.00</CtrlSum>
      <InitgPty>
        <Nm>HAOAO</Nm>
      </InitgPty>
    </GrpHdr>
    <PmtInf>
      <PmtInfId>C7DB0CE9B39B5FD0947F30E1809B1F53</PmtInfId>
      <PmtMtd>TRF</PmtMtd>
      <BtchBookg>true</BtchBookg>
      <NbOfTxs>1</NbOfTxs>
      <CtrlSum>10.00</CtrlSum>
      <PmtTpInf>
        <InstrPrty>NORM</InstrPrty>
        <SvcLvl>
          <Cd>SEPA</Cd>
        </SvcLvl>
      </PmtTpInf>
      <ReqdExctnDt>2023-10-25</ReqdExctnDt>
      <Dbtr>
        <Nm>HAOAO</Nm>
      </Dbtr>
      <DbtrAcct>
        <Id>
          <IBAN>FR7600002000105555555555521</IBAN>
        </Id>
        <Ccy>EUR</Ccy>
      </DbtrAcct>
      <DbtrAgt>
        <FinInstnId>
          <BIC>BNPAFRPPXXX</BIC>
        </FinInstnId>
      </DbtrAgt>
      <ChrgBr>SLEV</ChrgBr>
      <CdtTrfTxInf>
        <PmtId>
          <InstrId>CC63DFBCED0551ED843D14F74070905B</InstrId>
          <EndToEndId>NOTPROVIDED</EndToEndId>
        </PmtId>
        <Amt>
          <InstdAmt Ccy="EUR">10.00</InstdAmt>
        </Amt>
        <Cdtr>
          <Nm>Long</Nm>
        </Cdtr>
        <CdtrAcct>
          <Id>
            <IBAN>FR7600002000106666666666652</IBAN>
          </Id>
        </CdtrAcct>
        <RmtInf>
          <Ustrd>tien dien</Ustrd>
        </RmtInf>
      </CdtTrfTxInf>
    </PmtInf>
  </CstmrCdtTrfInitn>
</Document>